<?xml version="1.0" encoding="UTF-8"?><collection><record><leader>07038ntm a2200577 a 4500</leader><controlfield tag="001">006834326</controlfield><controlfield tag="003">MiAaHDL</controlfield><controlfield tag="005">20190719000000.0</controlfield><controlfield tag="006">m        d        </controlfield><controlfield tag="007">cr bn ---auaua</controlfield><controlfield tag="008">090706s1586    xx            00| ||ara d</controlfield><datafield tag="035" ind1=" " ind2=" "><subfield code="a">(MiU)006834326</subfield></datafield><datafield tag="035" ind1=" " ind2=" "><subfield code="a">sdr-miu006834326</subfield></datafield><datafield tag="040" ind1=" " ind2=" "><subfield code="a">MiU</subfield><subfield code="c">MiU</subfield><subfield code="e">amremm</subfield></datafield><datafield tag="043" ind1=" " ind2=" "><subfield code="a">n-us-mi</subfield></datafield><datafield tag="100" ind1="1" ind2=" "><subfield code="6">880-01</subfield><subfield code="a">Ījī, ʻAḍud al-Dīn ʻAbd al-Raḥmān ibn Aḥmad,</subfield><subfield code="d">-1355?</subfield></datafield><datafield tag="245" ind1="1" ind2="0"><subfield code="6">880-03</subfield><subfield code="a">[Sharḥ Mukhtaṣar al-Muntahá,</subfield><subfield code="f">994, i.e. 1586].</subfield></datafield><datafield tag="246" ind1="3" ind2=" "><subfield code="6">880-04</subfield><subfield code="i">Edge title (tail):</subfield><subfield code="a">شرح مختصر الاصول</subfield></datafield><datafield tag="260" ind1=" " ind2=" "><subfield code="c">[1586].</subfield></datafield><datafield tag="300" ind1=" " ind2=" "><subfield code="a">210 leaves :</subfield><subfield code="b">paper ;</subfield><subfield code="c">198 x 127 (125-130 x 70-73) mm.</subfield></datafield><datafield tag="500" ind1=" " ind2=" "><subfield code="a">Shelfmark: Ann Arbor, University of Michigan, Special Collections Library, Isl. Ms. 1038</subfield></datafield><datafield tag="500" ind1=" " ind2=" "><subfield code="a">Origin: As appears in colophon on p. 417, copied by ʻAbd al-Qāʼim ibn Hudá [Hady ?] al-Ḥusaynī with transcription completed ("wa-qad waqaʻa al-farāgh min al-kitābah li-rāqimih ...") 15 Jumādá II 994 [ca. 3 June 1586].</subfield></datafield><datafield tag="500" ind1=" " ind2=" "><subfield code="a">Accompanying materials: a. Copy of a letter addressed from Makdisi to Jameson, dated 17 November 1976 "Thank you very much for the 3 folios of your manuscript temporarily designated as Makdisi I. I have finally been able to identify this manuscript. It is the Commentary on the Mukhtaṣar by ʻAḍud al-Dīn al-Ījī (died A.H. 756/A.D. 1355) who finished the work in A.H. 734. There are several copies of the same work in the Garrett Collection of the Firestone Library at Princeton University, designated under the following numbers: Garrett 1478, 1479, 1627, 1628, 2170" -- b. Slip with notes in pencil and red ink "MAKDISI – I | Sharḥ Muktaṣar al-uṣūl | Keep in book | 210 leaves (last blank) | 19 cm. | Cannot be filmed."</subfield></datafield><datafield tag="500" ind1=" " ind2=" "><subfield code="a">Former shelfmark: Mich. Isl. Ms. temp. no. 187</subfield></datafield><datafield tag="500" ind1=" " ind2=" "><subfield code="a">Binding: Pasteboards covered in bright red (upper cover) and deep red (lower cover) leather with spine in brown leather ; Type III binding (without flap) ; lower doublure in brown leather ; upper cover carrys blind-stamped mandorla (filled with symmetrical vegetal composition) ; sewn in pink thread, two stations, many threads broken, quires loose ; worked chevron endbands in pink and lime green, tail gone, headband damaged ; overall in poor condition with much abrasion, delamination and losses to boards, staining, etc. ; quite ill-fitting and detaching at spine ; housed in box for protection.</subfield></datafield><datafield tag="500" ind1=" " ind2=" "><subfield code="a">Support: non-European (likely Persian or Indian) laid paper with 6 laid lines per cm. (horizontal) and chain lines only sporadically visible, occasionally in group of two (13 mm. apart) ; fairly transluscent, thin though strudy, cloudy formation with many inclusions, well-sized and burnished to glossy.</subfield></datafield><datafield tag="500" ind1=" " ind2=" "><subfield code="a">Decoration: Keywords, section headings and some abbreviation symbols (mainly two-teeth stroke overlining keywords) rubricated.</subfield></datafield><datafield tag="500" ind1=" " ind2=" "><subfield code="a">Script: Nastaʻlīq ; mainly an elegant Persianate or Transoxanian hand in a medium line ; quite compact and serifless with slight effect of words descending to baseline, elongation and somewhat exaggerated thickness of horizontal strokes, letterforms characteristic of nastaʻlīq, pointing mainly in strokes rather than distinct dots, sīn often marked with three dots below, final yāʼ mainly unpointed and often mardūdah, alif maqṣūrah usually mardūdah ; between p.25 and p.117 supplied in a larger and more spacious hand.</subfield></datafield><datafield tag="500" ind1=" " ind2=" "><subfield code="a">Layout: Written in 21 lines per page ; frame-ruled (impression of ruling board evident).</subfield></datafield><datafield tag="500" ind1=" " ind2=" "><subfield code="a">Collation: IV-2 (6), III (12), 5 IV(52), III+1 (59), 18 IV(203), III+1 (210) ; chiefly quaternions ; catchwords present ; foliation in pencil, Western numerals ; pagination in pencil, Western numerals, supplied during digitization.</subfield></datafield><datafield tag="500" ind1=" " ind2=" "><subfield code="a">Colophon: "Scribal," rectangular, reads "وقد وقع الفراغ من الكتابة لراقمه الفقير الحقير المستغفر من ذنبه الراجي الى غفور ربه الغني عبد القائم بن هدى الحسيني عفي عنهما سياتهما بحرمة النبي الامي العربي وآله في يوم الاربعاء الخامس عشر من شهر جمادى الثاني سنة اربع وتسعين وتسعمائة هجرية نبوية مصطفوية عليه افضل السلام والتحية حامدا مصليا ومسلما تم"</subfield></datafield><datafield tag="500" ind1=" " ind2=" "><subfield code="a">Explicit: "فما فوقها حصلت امور لا يكاد يحضر و في القدر الذي ذكره ارشاد لذلك ارشدنا الله واياكم لما ينفعنا في الدنيا والاخرة ... انه المستعان وعليه التكلان واتفق الفراغ من تسويده في السادس والعشرين من شعبان لسنة اربع وثلثين وسبعمائة والحمد لله اولا واخرا والصلوة على نبيه محمد واله باطنا وظاهرا وعلى خيار اصحابه رضوان الله عليهم اجمعين"</subfield></datafield><datafield tag="500" ind1=" " ind2=" "><subfield code="a">Incipit: "الحمد لله الذي برأ الانام وعمهم بالاكرام والدعوة الى دار السلام ... وبعد فان من عناية الله بالعباد ان شرع الاحكام وبين الحلال والحرام ..."</subfield></datafield><datafield tag="500" ind1=" " ind2=" "><subfield code="a">Title supplied by cataloguer.</subfield></datafield><datafield tag="500" ind1=" " ind2=" "><subfield code="a">Ms. codex.</subfield></datafield><datafield tag="510" ind1="4" ind2=" "><subfield code="a">Ḥājjī Khalīfah. Kashf al-ẓunūn,</subfield><subfield code="c">2/1853</subfield></datafield><datafield tag="510" ind1="4" ind2=" "><subfield code="a">Brockelmann,</subfield><subfield code="c">I 306 (VIII. 3.) ; S I 537</subfield></datafield><datafield tag="520" ind1="8" ind2=" "><subfield code="a">Fine copy of al-Ījī's commentary on Ibn al-Ḥājib's (d.1249) Mukhtaṣar al-muntahá, an abridgement of his own treatise on law according to the Mālikī school, Muntahá al-suʼāl wa-al-amal fī ʻilmay al-uṣūl wa-al-jadal.</subfield></datafield><datafield tag="538" ind1=" " ind2=" "><subfield code="a">Mode of access: Internet.</subfield></datafield><datafield tag="541" ind1=" " ind2=" "><subfield code="c">Purchase ;</subfield><subfield code="a">Purchased in Egypt by Mr. Sulaiman ;</subfield><subfield code="d">Received: 1968/69? ;</subfield><subfield code="e">(Sulaiman 690713-156)</subfield></datafield><datafield tag="546" ind1=" " ind2=" "><subfield code="a">Arabic.</subfield></datafield><datafield tag="561" ind1=" " ind2=" "><subfield code="a">Former owners' marks (including statement with octagonal seal impression and waqf statement with oval seal impression) on 'title page' now obscured by bifolium affixed to it and the upper doublure ; UM Library inscription on p.418 "Spec. Coll. Lib. Sulaiman 690713-156 1968/69?" ; glosses and marginal corrections ; collation marks.</subfield></datafield><datafield tag="600" ind1="1" ind2="0"><subfield code="a">Ibn al-Ḥājib, ʻUthmān ibn ʻUmar,</subfield><subfield code="d">1175-1249.</subfield><subfield code="t">Mukhtaṣar al-Muntahá.</subfield></datafield><datafield tag="650" ind1=" " ind2="0"><subfield code="a">Manuscripts, Arabic</subfield><subfield code="z">Michigan</subfield><subfield code="z">Ann Arbor.</subfield></datafield><datafield tag="650" ind1=" " ind2="0"><subfield code="a">Islamic law</subfield><subfield code="x">Interpretation and construction</subfield><subfield code="v">Early works to 1800.</subfield></datafield><datafield tag="700" ind1="0" ind2=" "><subfield code="6">880-07</subfield><subfield code="a">ʻAbd al-Qāʼim ibn Hudá al-Ḥusaynī,</subfield><subfield code="d">fl. 1586,</subfield><subfield code="e">scribe.</subfield></datafield><datafield tag="773" ind1="0" ind2=" "><subfield code="a">Sulaiman Purchase Collection.</subfield></datafield><datafield tag="880" ind1="0" ind2=" "><subfield code="6">700-07/</subfield><subfield code="a">عبد القائم بن هدى الحسينى,</subfield><subfield code="e">ناسخ.</subfield></datafield><datafield tag="880" ind1="3" ind2=" "><subfield code="6">246-04/</subfield><subfield code="a">Sharḥ Mukhtaṣar al-uṣūl</subfield></datafield><datafield tag="880" ind1="1" ind2="0"><subfield code="6">245-03/</subfield><subfield code="a">[شرح مختصر المنتهى,</subfield><subfield code="f">994ه, 1586م].</subfield></datafield><datafield tag="880" ind1="1" ind2=" "><subfield code="6">100-01/</subfield><subfield code="a">ايجي، عضد الدين عبد الرحمن بن احمد.</subfield></datafield><datafield tag="CID" ind1=" " ind2=" "><subfield code="a">006834326</subfield></datafield><datafield tag="DAT" ind1="0" ind2=" "><subfield code="a">20190719102641.0</subfield><subfield code="b">20190719000000.0</subfield></datafield><datafield tag="DAT" ind1="1" ind2=" "><subfield code="a">20190719090653.0</subfield><subfield code="b">2019-07-19T16:12:15Z</subfield></datafield><datafield tag="DAT" ind1="2" ind2=" "><subfield code="a">2015-10-02T18:00:03Z</subfield></datafield><datafield tag="CAT" ind1=" " ind2=" "><subfield code="a">SDR-MIU</subfield><subfield code="d">EX LIBRIS - ALEPH</subfield><subfield code="l">prepare.pl-004-008</subfield></datafield><datafield tag="FMT" ind1=" " ind2=" "><subfield code="a">BK</subfield></datafield><datafield tag="HOL" ind1=" " ind2=" "><subfield code="0">sdr-miu006834326</subfield><subfield code="a">MiU</subfield><subfield code="b">SDR</subfield><subfield code="c">MIU</subfield><subfield code="p">mdp.39015079132059</subfield><subfield code="s">MIU</subfield><subfield code="1">006834326</subfield></datafield><datafield tag="974" ind1=" " ind2=" "><subfield code="b">MIU</subfield><subfield code="c">MIU</subfield><subfield code="d">20190719</subfield><subfield code="s">lit-dlps-dc</subfield><subfield code="u">mdp.39015079132059</subfield><subfield code="y">1586</subfield><subfield code="r">pd</subfield><subfield code="q">bib</subfield><subfield code="t">non-US bib date1 &lt; 1879</subfield></datafield></record></collection>